@online{slides,
    author = "Sam Lindley",
    title = "Normalisation by evaluation",
    url = "http://homepages.inf.ed.ac.uk/slindley/nbe/nbe-cambridge2016.pdf"
}

@phdthesis{deBruijn,
    type = "Habilitation thesis",
    author = "Andreas Abel",
    title = "Normalization by Evaluation Dependent Types and Impredicativity",
    url = "http://www2.tcs.ifi.lmu.de/~abel/habil.pdf",
}

@phdthesis{GADTs,
    author = "Richard A. Eisenberg",
    title = "Dependent Types in Haskell: Theory and Practice",
    url = "https://www.cis.upenn.edu/~sweirich/papers/eisenberg-thesis.pdf"
}

@online{DependentHaskell,
    author = "Niki Vazou",
    title = "CMSC498V",
    url = "https://nikivazou.github.io/CMSC498V/lectures/DependentHaskell.html"
}

@online{SingletonsGuide,
    author = "Justin Le",
    title = "Introduction to Singletons",
    url = "https://blog.jle.im/entry/introduction-to-singletons-1.html"
}

@phdthesis{AgdaNbe,
    author = "András Kovács",
    title = "A Machine-Checked Correctness Proof of Normalization by Evaluation for Simply Typed Lambda Calculus",
    url = "https://github.com/AndrasKovacs/stlc-nbe/blob/separate-PSh/thesis.pdf"
}

@phdthesis{efficientNbE,
  author          = "Sam Lindley",
  title           = "Normalisation by Evaluation in the Compilation of Typed Functional Programming Languages",
  url = "https://era.ed.ac.uk/bitstream/handle/1842/778/lindley_thesis.pdf"
}

@online{DH,
    title = "Dependent Haskell Proposal",
    url = "https://gitlab.haskell.org/ghc/ghc/-/wikis/dependent-haskell"
}

@online{deBruijnNotation,
    author = "Nate Foster",
    title = "Cornell University CS 4110 - Lecture 15",
    url = "https://www.cs.cornell.edu/courses/cs4110/2018fa/lectures/lecture15.pdf"
}

@online{agdaUserGuide,
    url = "https://readthedocs.org/projects/agda/downloads/pdf/latest/",
    title = "Agda User Manual"
}

@article{singletons,
    author = {Eisenberg, Richard A. and Weirich, Stephanie},
    title = {Dependently Typed Programming with Singletons},
    year = {2012},
    publisher = {Association for Computing Machinery},
    url = {https://doi.org/10.1145/2430532.2364522},
    journal = {SIGPLAN Not.},
}

@online{churchEncodings,
    url = "https://www.cs.rice.edu/~javaplt/311/Readings/supplemental.pdf",
    title = "Comp 311 - Review 2",
    author = "Mathias Ricken"
}

@inproceedings{gadtClassInstances,
    author = {Pauwels, Koen and Karachalias, Georgios and Derhaeg, Michiel and Schrijvers, Tom},
    title = {Bidirectional Type Class Instances},
    year = {2019},
    publisher = {Association for Computing Machinery},
    url = {https://doi.org/10.1145/3331545.3342596},
}

@online{singletonLibrary,
    url = "https://hackage.haskell.org/package/singletons",
    title = "Singletons Package on Hackage",
    author = {Richard Eisenberg and Jan Stolarek}
}

@online{haskellInIndustry,
    url = "https://wiki.haskell.org/Haskell_in_industry",
    title = "Haskell In Industry"
}